<record><leader>00000cas a2200000 a 4500</leader><controlfield tag="001">18030507</controlfield><controlfield tag="008">880602c19779999iludr ne      0   a0eng c</controlfield><datafield ind1=" " ind2=" " tag="010"><subfield code="a">sn 91055769 </subfield></datafield><datafield ind1=" " ind2=" " tag="040"><subfield code="a">JDD</subfield><subfield code="b">eng</subfield><subfield code="c">JDD</subfield><subfield code="d">OCL</subfield><subfield code="d">NVF</subfield><subfield code="d">CVF</subfield><subfield code="d">DLC</subfield><subfield code="d">NVF</subfield><subfield code="d">OCLCQ</subfield><subfield code="d">OCLCF</subfield><subfield code="d">NVF</subfield><subfield code="d">DLC</subfield></datafield><datafield ind1=" " ind2=" " tag="019"><subfield code="a">14939865</subfield></datafield><datafield ind1=" " ind2=" " tag="032"><subfield code="a">032020</subfield><subfield code="b">USPS</subfield></datafield><datafield ind1=" " ind2=" " tag="037"><subfield code="b">217 W. Campbell St., Arlington Heights, IL 60005</subfield></datafield><datafield ind1=" " ind2=" " tag="042"><subfield code="a">pcc</subfield></datafield><datafield ind1=" " ind2=" " tag="043"><subfield code="a">n-us-il</subfield></datafield><datafield ind1="0" ind2="0" tag="050"><subfield code="a">Newspaper</subfield></datafield><datafield ind1="0" ind2=" " tag="130"><subfield code="a">Daily herald (Arlington Heights, Ill. : Arlington Heights ed.)</subfield></datafield><datafield ind1="1" ind2="4" tag="245"><subfield code="a">The daily herald.</subfield></datafield><datafield ind1="1" ind2=" " tag="246"><subfield code="i">Sunday issues called:</subfield><subfield code="a">Sunday herald</subfield><subfield code="f">Oct. 1, 1978-&lt;Sept. 30, 1987&gt;</subfield></datafield><datafield ind1=" " ind2=" " tag="250"><subfield code="a">[Arlington Heights ed.].</subfield></datafield><datafield ind1=" " ind2=" " tag="260"><subfield code="a">Arlington Heights, Ill. :</subfield><subfield code="b">Paddock Publications,</subfield><subfield code="c">1977-</subfield></datafield><datafield ind1=" " ind2=" " tag="300"><subfield code="a">v.</subfield></datafield><datafield ind1=" " ind2=" " tag="310"><subfield code="a">Daily,</subfield><subfield code="b">Oct. 1, 1978-&lt;Dec. 31, 2001&gt;</subfield></datafield><datafield ind1=" " ind2=" " tag="321"><subfield code="a">Daily (except Sunday),</subfield><subfield code="b">Sept. 10, 1977-Sept. 30, 1978</subfield></datafield><datafield ind1="0" ind2=" " tag="362"><subfield code="a">51st year, [no.] 42 (Sept. 10, 1977)-53rd year, [no.] 169 (Apr. 5, 1980) ; 108th year (Apr. 6, 1980)-108th year (July 25, 1980) ; 109th year, [no.] 26 (July 26, 1980)-</subfield></datafield><datafield ind1=" " ind2=" " tag="515"><subfield code="a">Continues the numbering of Herald (Arlington Heights, Ill. : Arlington Heights ed.).</subfield></datafield><datafield ind1=" " ind2=" " tag="515"><subfield code="a">Sunday issues have their own numbering system, Oct. 1, 1978-Mar. 30, 1980.</subfield></datafield><datafield ind1=" " ind2=" " tag="530"><subfield code="a">Available on microfilm;</subfield><subfield code="b">Heritage Microfilm, Cedar Rapids, Iowa.</subfield></datafield><datafield ind1=" " ind2=" " tag="588"><subfield code="a">Latest issue consulted: 130th year, no. 78 (Dec. 31, 2001).</subfield></datafield><datafield ind1=" " ind2="0" tag="651"><subfield code="a">Arlington Heights (Ill.)</subfield><subfield code="v">Newspapers.</subfield></datafield><datafield ind1=" " ind2="7" tag="651"><subfield code="a">Illinois</subfield><subfield code="z">Arlington Heights.</subfield><subfield code="2">fast</subfield><subfield code="0">(OCoLC)fst01205594</subfield></datafield><datafield ind1=" " ind2="7" tag="655"><subfield code="a">Newspapers.</subfield><subfield code="2">fast</subfield><subfield code="0">(OCoLC)fst01423814</subfield></datafield><datafield ind1=" " ind2=" " tag="752"><subfield code="a">United States</subfield><subfield code="b">Illinois</subfield><subfield code="c">Cook</subfield><subfield code="d">Arlington Heights.</subfield></datafield><datafield ind1="0" ind2=" " tag="775"><subfield code="t">Daily herald (Arlington Heights, Ill. : Buffalo Grove ed.)</subfield><subfield code="w">(DLC)sn 94054522</subfield><subfield code="w">(OCoLC)30839787</subfield></datafield><datafield ind1="0" ind2=" " tag="775"><subfield code="t">Daily herald (Arlington Heights, Ill. : Des Plaines ed.)</subfield><subfield code="w">(DLC)sn 94054528</subfield><subfield code="w">(OCoLC)30840606</subfield></datafield><datafield ind1="0" ind2=" " tag="775"><subfield code="t">Daily herald (Arlington Heights, Ill. : Elgin ed.)</subfield><subfield code="w">(DLC)sn 98063231</subfield><subfield code="w">(OCoLC)38839291</subfield></datafield><datafield ind1="0" ind2=" " tag="775"><subfield code="t">Daily herald (Arlington Heights, Ill. : Elk Grove Village ed.)</subfield><subfield code="w">(DLC)sn 94054533</subfield><subfield code="w">(OCoLC)30836948</subfield></datafield><datafield ind1="0" ind2=" " tag="775"><subfield code="t">Daily herald (Arlington Heights, Ill. : Hanover Park, Streamwood, Bartlett ed.)</subfield><subfield code="w">(DLC)sn 94054274</subfield><subfield code="w">(OCoLC)30835794</subfield></datafield><datafield ind1="0" ind2=" " tag="775"><subfield code="t">Daily herald (Arlington Heights, Ill. : Hoffman Estates, Schaumburg ed.)</subfield><subfield code="w">(DLC)sn 94054538</subfield><subfield code="w">(OCoLC)30837581</subfield></datafield><datafield ind1="0" ind2=" " tag="775"><subfield code="t">Daily herald (Arlington Heights, Ill. : McHenry ed.)</subfield><subfield code="w">(OCoLC)53157883</subfield></datafield><datafield ind1="0" ind2=" " tag="775"><subfield code="t">Daily herald (Arlington Heights, Ill. : Mount Prospect, Prospect Heights ed.)</subfield><subfield code="w">(DLC)sn 94054516</subfield><subfield code="w">(OCoLC)30837207</subfield></datafield><datafield ind1="0" ind2=" " tag="775"><subfield code="t">Daily herald (Arlington Heights, Ill. : Palatine, Inverness ed.)</subfield><subfield code="w">(DLC)sn 94054519</subfield><subfield code="w">(OCoLC)30836824</subfield></datafield><datafield ind1="0" ind2=" " tag="775"><subfield code="t">Daily herald (Arlington Heights, Ill. : Rolling Meadows ed.)</subfield><subfield code="w">(DLC)sn 94054531</subfield><subfield code="w">(OCoLC)30837102</subfield></datafield><datafield ind1="0" ind2=" " tag="775"><subfield code="t">Daily herald (Arlington Heights, Ill. : Tri-cities ed.)</subfield><subfield code="w">(OCoLC)41473834</subfield></datafield><datafield ind1="0" ind2=" " tag="775"><subfield code="t">Daily herald (Arlington Heights, Ill. : Wheeling ed.)</subfield><subfield code="w">(DLC)sn 94054524</subfield><subfield code="w">(OCoLC)30839913</subfield></datafield><datafield ind1="0" ind2="0" tag="780"><subfield code="t">Herald (Arlington Heights, Ill. : Arlington Heights ed.)</subfield><subfield code="w">(DLC)sn 94054529</subfield><subfield code="w">(OCoLC)30840041</subfield></datafield><datafield ind1="1" ind2=" " tag="029"><subfield code="a">AU@</subfield><subfield code="b">000024042970</subfield></datafield></record>